<record><leader>00000cas a22000007a 4500</leader><controlfield tag="001">32108718</controlfield><controlfield tag="008">950308d193u19uunyuwr ne      0    0eng d</controlfield><datafield ind1=" " ind2=" " tag="010"><subfield code="a">sn 95071107 </subfield></datafield><datafield ind1=" " ind2=" " tag="040"><subfield code="a">NYS</subfield><subfield code="b">eng</subfield><subfield code="c">NYS</subfield><subfield code="d">OCLCQ</subfield></datafield><datafield ind1=" " ind2=" " tag="042"><subfield code="a">msc</subfield></datafield><datafield ind1="0" ind2=" " tag="130"><subfield code="a">Lackawanna herald (Lackawanna, N.Y.)</subfield></datafield><datafield ind1="1" ind2="0" tag="245"><subfield code="a">Lackawanna herald.</subfield></datafield><datafield ind1=" " ind2=" " tag="260"><subfield code="a">Lackawanna, N.Y. :</subfield><subfield code="b">E.M. Leyda.</subfield></datafield><datafield ind1=" " ind2=" " tag="300"><subfield code="a">v.</subfield></datafield><datafield ind1=" " ind2=" " tag="310"><subfield code="a">Weekly</subfield></datafield><datafield ind1=" " ind2=" " tag="588"><subfield code="a">Description based on: Vol. 2, no. 31 (Apr. 27, 1933).</subfield></datafield><datafield ind1=" " ind2="4" tag="651"><subfield code="a">Lackawanna (N.Y.)</subfield><subfield code="v">Newspapers.</subfield></datafield><datafield ind1=" " ind2="4" tag="651"><subfield code="a">Erie County (N.Y.)</subfield><subfield code="v">Newspapers.</subfield></datafield><datafield ind1=" " ind2=" " tag="752"><subfield code="a">United States</subfield><subfield code="b">New York</subfield><subfield code="c">Erie</subfield><subfield code="d">Lackawanna.</subfield></datafield><datafield ind1="0" ind2="5" tag="780"><subfield code="t">Lackawanna news</subfield><subfield code="w">(DLC)sn 95071106</subfield><subfield code="w">(OCoLC)32108469</subfield></datafield><datafield ind1="1" ind2=" " tag="029"><subfield code="a">AU@</subfield><subfield code="b">000011738087</subfield></datafield></record>